00588cas a22002291a 4500
001 999313003502836
003 Nz
005 20161223153134.0
008 040112d1921uuuunz  r ne      0   0 eng  
035    $a (NLNZils)931300
035    $a (Nz)8180916
035    $a (NLNZils)931300-ilsdb
035    $a (OCoLC)173422616
040    $a NZNB $c NZNB
042    $a nznb
043    $a u-nz---
245 00 $a Platt's weekly.
260    $a [Wellington, N.Z. : $b s.n., $c 1921-?]
310    $a Weekly
362 0  $a 1921 Sep.9-?
651  0 $a Wellington (N.Z.) $v Newspapers.
655  7 $a New Zealand newspapers. $2 local $5 Nz
